@Article{Yao:2006px,
     author    = "Yao, W. -M. and others",
 collaboration = "Particle Data Group",
     title     = "{Review of particle physics}",
     journal   = "J. Phys.",
     volume    = "G33",
     year      = "2006",
     pages     = "1-1232",
     SLACcitation  = "%%CITATION = JPHGB,G33,1;%%"
}
@BOOK{Bevington+92,
  AUTHOR = {Philip R. Bevington and D. Keith Robinson},
  TITLE = {Data Reduction {a}nd Error Analysis {f}or {t}he
                  Physical Sciences},
  PUBLISHER = {Mc{G}raw-Hill},
  YEAR = 1992,
  ADDRESS = {New York},
  EDITION = {2nd}
}
